<record><leader>00000cas a22000007a 4500</leader><controlfield tag="001">30066027</controlfield><controlfield tag="008">940401d180718uuvtuwr ne      0    0eng d</controlfield><datafield ind1=" " ind2=" " tag="010"><subfield code="a">sn 93052707 </subfield></datafield><datafield ind1=" " ind2=" " tag="040"><subfield code="a">CNK</subfield><subfield code="b">eng</subfield><subfield code="c">CNK</subfield><subfield code="d">OCL</subfield><subfield code="d">OCLCQ</subfield><subfield code="d">OCLCF</subfield><subfield code="d">OCLCO</subfield></datafield><datafield ind1=" " ind2=" " tag="042"><subfield code="a">msc</subfield></datafield><datafield ind1=" " ind2=" " tag="043"><subfield code="a">n-us-vt</subfield></datafield><datafield ind1="0" ind2=" " tag="130"><subfield code="a">Precursor (Montpelier, Vt. : 1807)</subfield></datafield><datafield ind1="1" ind2="4" tag="245"><subfield code="a">The precursor.</subfield></datafield><datafield ind1=" " ind2=" " tag="260"><subfield code="a">Montpelier, Vt. :</subfield><subfield code="b">Clark Brown</subfield></datafield><datafield ind1=" " ind2=" " tag="300"><subfield code="a">v.</subfield></datafield><datafield ind1=" " ind2=" " tag="310"><subfield code="a">Weekly</subfield></datafield><datafield ind1="1" ind2=" " tag="362"><subfield code="a">Began in 1807.</subfield></datafield><datafield ind1=" " ind2=" " tag="588"><subfield code="a">Description based on: Vol. 1, no. 29 (June 8, 1807).</subfield></datafield><datafield ind1=" " ind2="0" tag="651"><subfield code="a">Montpelier (Vt.)</subfield><subfield code="v">Newspapers.</subfield></datafield><datafield ind1=" " ind2="7" tag="655"><subfield code="a">Newspapers.</subfield><subfield code="2">fast</subfield><subfield code="0">(OCoLC)fst01423814</subfield></datafield><datafield ind1=" " ind2="7" tag="651"><subfield code="a">Vermont</subfield><subfield code="z">Montpelier.</subfield><subfield code="2">fast</subfield><subfield code="0">(OCoLC)fst01208013</subfield></datafield><datafield ind1=" " ind2=" " tag="752"><subfield code="a">United States</subfield><subfield code="b">Vermont</subfield><subfield code="c">Washington</subfield><subfield code="d">Montpelier.</subfield></datafield></record>